@article{fickers2012towards,
  author    =   {Andreas Fickers},
  title     =   {{Towards a New Digital Historicism? Doing History in the Age of Abundance}},
  journal   =   {{View: Journal of European Television and Culture}},
  volume    =   {1},
  number    =   {1},
  year      =   {2012},
  url       =   {http://orbilu.uni.lu/bitstream/10993/7615/1/4-4-1-PB.pdf},
}


@book{maxwell2013qualitative,
  title     =   {Qualitative research design: An interactive approach, 3rd edition},
  author    =   {Maxwell, Joseph A},
  year      =   {2013},
  publisher =   {Sage publications}
} 

@misc{owens2014start,
  title     =   {Where to start? On research questions in the digital humanities},
  author    =   {Owens, T},
  url       =   {http://www.trevorowens.org/2014/08/where-to-start-on-researchquestions-in-the-digital-humanities/},
  howpublished  =   {Blog},
  year      =   {2014},
  note      =   {http://www.trevorowens.org/}
}

@misc{PIRL2024,
  author       = {thePIRL},
  title        = {The PIRL - YouTube Video},
  howpublished = {\url{https://www.youtube.com/watch?v=M7yh0To6Wbs}},
  note         = {Accessed: 2024-11-17},
  year         = {2024},
}

@manual{pulsed_spectrometer_manual,
  title        = {Pulsed Spectrometer Manual},
  author       = {{Department of Physics, Freie Universit채t Berlin}},
  year         = {n.d.},
  note         = {\url{https://wiki.physik.fu-berlin.de/fp/_media/private:ma3_pulsed_spectrometer_manual.pdf}},
  institution  = {Freie Universit채t Berlin},
  howpublished = {Online Manual},
  urldate      = {2024-11-19}
}

@online{mri_questions_nuclear_spin,
  author       = {{MRI Questions}},
  title        = {How to Predict Nuclear Spin ({I})},
  year         = {n.d.},
  url          = {https://mriquestions.com/predict-nuclear-spin-i.html},
  note         = {Accessed: 2024-11-19}
}

@online{pirl_youtube_mri,
  author       = {{thePIRL}},
  title        = {MRI Basics: Introduction to MRI},
  year         = {2023},
  url          = {https://www.youtube.com/watch?v=M7yh0To6Wbs},
  note         = {Accessed: 2024-11-19}
}

@manual{experimental_setup_manual,
  title        = {Experimental Setup Manual},
  author       = {{Department of Physics, Freie Universit채t Berlin}},
  year         = {n.d.},
  note         = {\url{https://wiki.physik.fu-berlin.de/fp/_media/private:experimental_setup.pdf}},
  institution  = {Freie Universit채t Berlin},
  howpublished = {Online Manual},
  urldate      = {2024-11-19}
}
