@article{eckhoff2018a,
  author = {Eckhoff, Hanne M. and Bech, Kristin and Bouma, Gerlof and Eide, Kristine and Haug, Dag and Haugen, Odd E. and Jøhndal, Marius},
  year = {2018},
  title = {The {PROIEL} treebank family: {A} standard for early attestations of {I}ndo-{E}uropean languages},
  volume = {52},
  pages = {29–65},
  doi = {10.1007/s10579-017-9388-5},
  language = {en},
  journal = {Language Resources and Evaluation},
  number = {1}
}

@book{jenset&mcgil,
  title={Quantitative historical linguistics: A corpus framework},
  author={Jenset, Gard B. and McGillivray, Barbara},
  year={2017},
  address={Oxford},
  publisher={Oxford University Press},
  doi={10.1093/llc/fqy046} 
}

@incollection{fabricius-hansen2012b,
  author = {Fabricius-Hansen, Cathrine and Haug, Dag T. T.},
  year = {2012},
  title = {Co-eventive adjuncts: Main issues and clarifications},
  editor = {Fabricius-Hansen, Cathrine and Haug, Dag T. T.},
  pages = {21--54},
  publisher = {De Gruyter},
  language = {en},
  booktitle = {Big events, small clauses},
  address = {Berlin-Boston}
}

@inproceedings{shree-a,
    title = "Deep Natural Language Understanding of News Text",
    author = "Shree, Jaya  and
    Liu, Emily  and
    Gordon, Andrew  and
    Hobbs, Jerry",
    booktitle = "Proceedings of the First Workshop on Narrative Understanding",
    year = "2019",
    address = "Minneapolis, Minnesota",
    publisher = "Association for Computational Linguistics",
    doi = "10.18653/v1/W19-2403",
    pages = "19--27",
}

@inproceedings{wyner2007baseballs,
author = {Wyner, Adam and Bench-Capon, Trevor and Atkinson, Katie},
title = {Arguments, Values and Baseballs: Representation of Popov v. Hayashi},
year = {2007},
publisher = {IOS Press},
address = {NLD},
booktitle = {Proceedings of the 2007 Conference on Legal Knowledge and Information Systems: JURIX 2007: The Twentieth Annual Conference},
pages = {151–160},
numpages = {10},
keywords = {Case-Based Reasoning, Argument Schemes, Values, Argumentation},
}



@article{dufor,
doi = {10.1088/0031-8949/13/6/007},
url = {https://dx.doi.org/10.1088/0031-8949/13/6/007},
year = {1976},
month = {jun},
publisher = {},
volume = {13},
number = {6},
pages = {370},
author = {G Dufour and  J-M Mariot and  P-E Nilsson-Jatko and  R C Karnatak},
title = {K-LL Auger Spectrum of Aluminium},
journal = {Physica Scripta},
}


Copy code
@article{seah1979quantitative,
  author = {M. P. Seah and W. A. Dench},
  title = {Quantitative electron spectroscopy of surfaces: A standard data base for electron inelastic mean free paths in solids},
  journal = {Surface and Interface Analysis},
  year = {1979},
  volume = {1},
  number = {1},
  pages = {1--11},
  doi = {10.1002/sia.740010103},
  citations = {4802}
}

 @misc{ wiki:auger,
   author = "{Wikipedia contributors}",
   title = "Auger electron spectroscopy",
   year = "2024",
   url = "https://en.wikipedia.org/wiki/Auger_electron_spectroscopy",
   note = "[Online; accessed 28-October-2024]"
 }

@unpublished{fu2024auger,
  author = {FU Berlin},
  title = {Auger and electron energy loss spectroscopy},
  note = {Not published},
  year = {2024}
}

@book{palmberg1991handbook,
  author    = {P.W. Palmberg and G.E. Riach and R.E. Weber and N.C. Macdonald},
  title     = {Handbook of Auger Electron Spectroscopy},
  publisher = {Physical Electronics Industries Inc.},
  year      = {1991},
  note      = {NIST X-ray Photoelectron Spectroscopy Database, \url{http://srdata.nist.gov/xps/}}
}

@misc{jeol2012thermionic,
  author       = {JEOL Ltd.},
  title        = {Thermionic-emission gun},
  year         = {2012},
  url          = {https://www.jeol.com/words/semterms/20121024.071558.php#gsc.tab=0},
  note         = {Accessed: 2024-11-29},
  howpublished = {JEOL Glossary of SEM Terms},
}

